%% This BibTeX bibliography file was created using BibDesk.
%% http://bibdesk.sourceforge.net/

%% Created for Kunal Shah at 2016-12-07 17:56:17 -0500 


%% Saved with string encoding Unicode (UTF-8) 



@electronic{survey,
	Date-Added = {2016-12-07 22:50:17 +0000},
	Date-Modified = {2016-12-07 22:56:14 +0000},
	Month = {December},
	Title = {Usability Survey},
	Url = {https://goo.gl/forms/AlxYBxGe3iYOKp2F2},
	Year = {2016},
	Bdsk-Url-1 = {https://docs.google.com/forms/d/e/1FAIpQLSekvLCrBR4rCmp-UyowbEf6BMYrye7hVo7iVt2xwzaER1xcng/viewform}}

@misc{Karma,
	Author = {Bradley Braithwaite},
	Date-Added = {2016-11-01 02:17:38 +0000},
	Date-Modified = {2016-11-01 02:23:58 +0000},
	Month = {May},
	Title = {Getting started with Karma for AngularJS Testing},
	Url = {http://www.bradoncode.com/blog/2015/05/19/karma-angularjs-testing/},
	Year = {2015},
	Bdsk-Url-1 = {http://www.bradoncode.com/blog/2015/05/19/karma-angularjs-testing/}}

@misc{githubREF,
	Author = {kennycason},
	Date-Added = {2016-10-12 02:22:52 +0000},
	Date-Modified = {2016-10-12 02:53:47 +0000},
	Month = {July},
	Title = {Ultimate Tic Tac Toe},
	Url = {https://github.com/kennycason/ultimate_tictactoe/},
	Year = {2010},
	Bdsk-Url-1 = {https://github.com/kennycason/ultimate_tictactoe/}}

@misc{Slides,
	Author = {Dr. Spencer Smith},
	Date-Added = {2016-10-12 01:57:05 +0000},
	Date-Modified = {2016-10-12 02:54:32 +0000},
	Lastchecked = {11},
	Month = {October},
	Title = {Lecture Slides},
	Url = {https://gitlab.cas.mcmaster.ca/smiths/se3xa3/},
	Year = {2016},
	Bdsk-Url-1 = {https://gitlab.cas.mcmaster.ca/smiths/se3xa3/}}

@misc{Rules,
	Author = {mathwithbaddrawings},
	Date-Added = {2016-10-12 01:55:27 +0000},
	Date-Modified = {2016-10-12 02:53:52 +0000},
	Lastchecked = {11},
	Month = {October},
	Title = {Ultimate Tic Tac Toe Rules},
	Url = {https://mathwithbaddrawings.com/2013/06/16/ultimate-tic-tac-toe/},
	Year = {2016},
	Bdsk-Url-1 = {https://mathwithbaddrawings.com/2013/06/16/ultimate-tic-tac-toe/}}

@book{RobertsonAndRobertson2012,
	Author = {James Robertson and Suzanne Robertson},
	Date-Added = {2016-09-22 13:54:40 +0000},
	Date-Modified = {2016-09-22 14:01:42 +0000},
	Edition = {16},
	Publisher = {Atlantic Systems Guild Limited},
	Title = {Volere Requirements Specification Template},
	Year = {2012}}

@article{ParnasAndClements1986,
	Author = {David L. Parnas and P.C. Clements},
	Date-Added = {2016-09-10 13:11:57 +0000},
	Date-Modified = {2016-09-10 13:11:57 +0000},
	Journal = {IEEE Transactions on Software Engineering},
	Number = {2},
	Pages = {251--257},
	Title = {A Rational Design Process: How and Why to Fake it},
	Volume = {12},
	Year = {February 1986},
	Bdsk-File-1 = {YnBsaXN0MDDUAQIDBAUGJCVYJHZlcnNpb25YJG9iamVjdHNZJGFyY2hpdmVyVCR0b3ASAAGGoKgHCBMUFRYaIVUkbnVsbNMJCgsMDxJXTlMua2V5c1pOUy5vYmplY3RzViRjbGFzc6INDoACgAOiEBGABIAFgAdccmVsYXRpdmVQYXRoWWFsaWFzRGF0YV8QQy4uLy4uLy4uLy4uL3NlNHNjL1NjaUNvbXBBbmRTb2Z0RW5nUGFwZXJzL1Bhcm5hc0FuZENsZW1lbnRzMTk4Ni5wZGbSFwsYGVdOUy5kYXRhTxEB9gAAAAAB9gACAAAMTWFjaW50b3NoIEhEAAAAAAAAAAAAAAAAAAAA0khroUgrAAAAhfxhGVBhcm5hc0FuZENsZW1lbnRzMTk4Ni5wZGYAAAAAAAAAAAAAAAAAAAAAAAAAAAAAAAAAAAAAAAAAAAAAAAAAAACF/LDT7aEvAAAAAAAAAAAABAADAAAJIAAAAAAAAAAAAAAAAAAAABdTY2lDb21wQW5kU29mdEVuZ1BhcGVycwAAEAAIAADSSKPhAAAAEQAIAADT7dlvAAAAAQAUAIX8YQCF7/8AILODAAlg3gAGKpoAAgBcTWFjaW50b3NoIEhEOlVzZXJzOgBzbWl0aHM6AFJlcG9zOgBzZTRzYzoAU2NpQ29tcEFuZFNvZnRFbmdQYXBlcnM6AFBhcm5hc0FuZENsZW1lbnRzMTk4Ni5wZGYADgA0ABkAUABhAHIAbgBhAHMAQQBuAGQAQwBsAGUAbQBlAG4AdABzADEAOQA4ADYALgBwAGQAZgAPABoADABNAGEAYwBpAG4AdABvAHMAaAAgAEgARAASAEpVc2Vycy9zbWl0aHMvUmVwb3Mvc2U0c2MvU2NpQ29tcEFuZFNvZnRFbmdQYXBlcnMvUGFybmFzQW5kQ2xlbWVudHMxOTg2LnBkZgATAAEvAAAVAAIADf//AACABtIbHB0eWiRjbGFzc25hbWVYJGNsYXNzZXNdTlNNdXRhYmxlRGF0YaMdHyBWTlNEYXRhWE5TT2JqZWN00hscIiNcTlNEaWN0aW9uYXJ5oiIgXxAPTlNLZXllZEFyY2hpdmVy0SYnVHJvb3SAAQAIABEAGgAjAC0AMgA3AEAARgBNAFUAYABnAGoAbABuAHEAcwB1AHcAhACOANQA2QDhAtsC3QLiAu0C9gMEAwgDDwMYAx0DKgMtAz8DQgNHAAAAAAAAAgEAAAAAAAAAKAAAAAAAAAAAAAAAAAAAA0k=}}
